% 1
 @misc{ref1, title={Introduction to Soft Computing}, url={https://nptel.ac.in/courses/106105173}, journal={NPTELIITM}} 
 
% 2 
 @misc{ref2, title={Inverted pendulum: System modeling}, url={https://ctms.engin.umich.edu/CTMS/index.php?example=InvertedPendulumÂ§ion=SystemModeling}, journal={Control Tutorials for MATLAB and Simulink - Inverted Pendulum: System Modeling}} 